@article{bengio2009curriculum,
  title={Curriculum learning},
  author={Bengio, Yoshua and Louradour, J{\'e}r{\^o}me and Collobert, Ronan and Weston, Jason},
  journal={Proceedings of the 26th annual international conference on machine learning},
  year={2009},
  organization={ACM}
}